@article{Gold:1996:GAA:243877.248379,
 author = {Gold, Steven and Rangarajan, Anand},
 title = {A Graduated Assignment Algorithm for Graph Matching},
 journal = {IEEE Trans. Pattern Anal. Mach. Intell.},
 issue_date = {April 1996},
 volume = {18},
 number = {4},
 month = apr,
 year = {1996},
 issn = {0162-8828},
 pages = {377--388},
 numpages = {12},
 url = {http://dx.doi.org/10.1109/34.491619},
 doi = {10.1109/34.491619},
 acmid = {248379},
 publisher = {IEEE Computer Society},
 address = {Washington, DC, USA},
 keywords = {Graduated assignment, continuation method, graph matching, weighted graphs, attributed relational graphs, softassign, model matching, relaxation labeling.},
} 

@article{10.2307/2238545,
 ISSN = {00034851},
 URL = {http://www.jstor.org/stable/2238545},
 author = {Richard Sinkhorn},
 journal = {The Annals of Mathematical Statistics},
 number = {2},
 pages = {876-879},
 publisher = {Institute of Mathematical Statistics},
 title = {A Relationship Between Arbitrary Positive Matrices and Doubly Stochastic Matrices},
 volume = {35},
 year = {1964}
}

@article{Hong:2004:SPD:998320.998327,
 author = {Hong, Pengyu and Huang, Thomas S.},
 title = {Spatial Pattern Discovery by Learning a Probabilistic Parametric Model from Multiple Attributed Relational Graphs},
 journal = {Discrete Appl. Math.},
 issue_date = {30 April 2004},
 volume = {139},
 number = {1-3},
 month = apr,
 year = {2004},
 issn = {0166-218X},
 pages = {113--135},
 numpages = {23},
 url = {http://dx.doi.org/10.1016/j.dam.2002.11.007},
 doi = {10.1016/j.dam.2002.11.007},
 acmid = {998327},
 publisher = {Elsevier Science Publishers B. V.},
 address = {Amsterdam, The Netherlands, The Netherlands},
 keywords = {EM algorithm, attributed relational graph, parametric attributed relational graph, spatial pattern discovery},
} 
